@article{CCMVal-main:2012, 
author =       {A. Gettelman and V. Eyring and C. Fischer and H. Shiona and I. Cionni and M. Neish and O. Morgenstern and S. W. Wood and Z. Li},   
  title =        {A community diagnostic tool for Chemistry Climate Model Validation},
  journal =      "Geosci. Model Dev. Discuss.",
  year =         {2012},
  volume =    {5},
  number =    {2},
  month =     {},
  pages =     {1229-1261},
  note = {\url{http://www.geosci-model-dev-discuss.net/5/1229/2012/gmdd-5-1229-2012.html}}, 
}

@techreport{DRS-document:2010, 
author =       {Karl E. Taylor and Charles Doutriaux},
  title =        "{CMIP5} Model Output Requirements: File Contents and Format, Data Structure and Metadata",
  institution = "Program for Climate Model Diagnosis and Intercomparison (PCMDI)", 
  year =         {2010},
  note = {\url{http://cmip-pcmdi.llnl.gov/cmip5/docs/CMIP5_output_metadata_requirements.pdf}}, 
}

@techreport{pep8:2001, 
author =       {Guido van Rossum and Barry Warsaw},
  title =      "Style Guide for Python Code (pep8)",
  institution = "", 
  year =         {2001},
  note = {\url{http://www.python.org/dev/peps/pep-0008/}}, 
}

@misc{ccmval-project,
    author = {CCMVAL},
    title = "{CCMVal}",
    note = {\url{http://www.pa.op.dlr.de/CCMVal}},
}

@misc{ncar-ncl-homepage,
    author = {NCAR},
    title = "{CISL}'s {NCAR} {Command} {Language} ({NCL})",
    institution = "NCAR",
    note = {\url{http://www.ncl.ucar.edu/}},
}

@misc{pcmdi-cf-conventions,
    author = {PCMDI-CF},
    title = "{CF} {M}etadata {C}onventions",
    institution = "PCMDI",
    note = {\url{http://cf-pcmdi.llnl.gov/documents/cf-conventions/latest-cf-conventions-document-1}},
}

@misc{esmvaltool-presentation,
    author = {Klaus-Dirk Gottschaldt},
    title = "{Introduction to the ESMValTool}",
    institution = "DLR",
    year = "2013",
    note = {\url{http://www.embrace-project.eu/index.php/financial-administration/project-information/meeting-details/2nd-ga-2013}},
}

@misc{tutorial-tarball,
    author = {Martin Evaldsson},
    title = "{ESMValTool Tutorial tarball}",
    year = "2013",
    note = {\url{http://www.embrace-project.eu/index.php/financial-administration/project-information/meeting-details/2nd-ga-2013}},
}
@misc{pcmdi-cmip5,
    author = {PCMDI-CMIP5},
    title = "{CMIP5} {O}verview",
    institution = "PCMDI",
    note = {\url{http://cmip-pcmdi.llnl.gov/cmip5/}},
}

@misc{esgf,
    author = {ESGF},
    title = "{ESGF P}ortal",
    institution = "",
    note = {\url{http://pcmdi9.llnl.gov/esgf-web-fe}},
}

@misc{R-language-ref:2013, 
  author =       {R},
  title =        "{R} {L}anguage {D}efinition",
  note = {\url{http://cran.r-project.org/doc/manuals/r-release/R-lang.html}}, 
}

