@article{CCMVal-main:2012, 
author =       {A. Gettelman and V. Eyring and C. Fischer and H. Shiona and I. Cionni and M. Neish and O. Morgenstern and S. W. Wood and Z. Li},   
  title =        {A community diagnostic tool for Chemistry Climate Model Validation},
  journal =      "Geosci. Model Dev. Discuss.",
  year =         {2012},
  volume =    {5},
  number =    {2},
  month =     {},
  pages =     {1229-1261},
  note = {\url{http://www.geosci-model-dev-discuss.net/5/1229/2012/gmdd-5-1229-2012.html}}, 
}

@techreport{DRS-document:2010, 
author =       {Karl E. Taylor and Charles Doutriaux},
  title =        "{CMIP5} Model Output Requirements: File Contents and Format, Data Structure and Metadata",
  institution = "Program for Climate Model Diagnosis and Intercomparison (PCMDI)", 
  year =         {2010},
  note = {\url{http://cmip-pcmdi.llnl.gov/cmip5/docs/CMIP5_output_metadata_requirements.pdf}}, 
}

@techreport{pep257:2001, 
author =       {David Goodger and Guido van Rossum},
  title =      "Docstring Conventions (pep257)",
  institution = "", 
  year =         {2001},
  note = {\url{http://www.python.org/dev/peps/pep-0257/}}, 
}

@techreport{pep8:2001, 
author =       {Guido van Rossum and Barry Warsaw},
  title =      "Style Guide for Python Code (pep8)",
  institution = "", 
  year =         {2001},
  note = {\url{http://www.python.org/dev/peps/pep-0008/}}, 
}


@misc{PyFlakes, 
  author =       {Florent Xicluna},
  title =        "pyflakes - passive checker of {P}ython programs",
  note = {\url{https://pypi.python.org/pypi/pyflakes}}, 
}

@misc{ESMValTool_wiki, 
  author =       {ESMValTool},
  title =        "{ESMV}al{T}ool wiki page",
  note = {\url{https://teamsites-extranet.dlr.de/pa/ESMValTool/Wiki/Home.aspx}}, 
}

@misc{ESMValTool_repo, 
  author =       {ESMValTool},
  title =        "{ESMV}al{T}ool subversion repository",
  note = {\url{https://svn.dlr.de/ESM-Diagnostic/source/trunk}}, 
}

@misc{Tidying-R-code, 
  author = {CRAN},
  title = "{T}idying-{R}-code",
  note = {\url{http://cran.r-project.org/doc/manuals/R-exts.html#Tidying-R-code}}, 
}

@misc{Robobt-Framework, 
  author = {Robot Framework},
  title = "{R}obot {F}ramework - a generic test automation framework",
  note = {\url{http://code.google.com/p/robotframework/}}, 
}

@misc{ncar-ncl-homepage,
    author = {NCAR},
    title = "{CISL}'s {NCAR} {Command} {Language} ({NCL})",
    institution = "NCAR",
    note = {\url{http://www.ncl.ucar.edu/}},
}

